<record><leader>00000cas a2200000Ia 4500</leader><controlfield tag="001">702368820</controlfield><controlfield tag="007">hd afb---bucp</controlfield><controlfield tag="008">110217d19121912iludn nea     0    0eng c</controlfield><datafield ind1=" " ind2=" " tag="010"><subfield code="a">sn 92054488 </subfield></datafield><datafield ind1=" " ind2=" " tag="040"><subfield code="a">IUK</subfield><subfield code="b">eng</subfield><subfield code="c">IUK</subfield><subfield code="d">OCLCF</subfield><subfield code="d">OCLCO</subfield><subfield code="d">OCLCQ</subfield><subfield code="d">OCLCA</subfield></datafield><datafield ind1=" " ind2=" " tag="043"><subfield code="a">n-us-il</subfield></datafield><datafield ind1="0" ind2="0" tag="245"><subfield code="a">Peoria daily progressive.</subfield></datafield><datafield ind1=" " ind2=" " tag="260"><subfield code="a">Peoria, Ill. :</subfield><subfield code="b">George Fitch,</subfield><subfield code="c">1912.</subfield></datafield><datafield ind1=" " ind2=" " tag="300"><subfield code="a">volumes</subfield></datafield><datafield ind1=" " ind2=" " tag="310"><subfield code="a">Daily (except Sun.)</subfield></datafield><datafield ind1=" " ind2=" " tag="336"><subfield code="a">text</subfield><subfield code="b">txt</subfield><subfield code="2">rdacontent</subfield></datafield><datafield ind1=" " ind2=" " tag="337"><subfield code="a">microform</subfield><subfield code="b">h</subfield><subfield code="2">rdamedia</subfield></datafield><datafield ind1="0" ind2=" " tag="362"><subfield code="a">Vol. 1, no. 1 (Sept. 25, 1912)-v. 1, no. 36 (Nov. 6, 1912).</subfield></datafield><datafield ind1=" " ind2=" " tag="500"><subfield code="a">Campaign newspaper for Theodore Roosevelt in presidential election of 1912.</subfield></datafield><datafield ind1="1" ind2="0" tag="600"><subfield code="a">Roosevelt, Theodore,</subfield><subfield code="d">1858-1919</subfield><subfield code="v">Newspapers.</subfield></datafield><datafield ind1=" " ind2="0" tag="650"><subfield code="a">Presidential candidates</subfield><subfield code="z">United States</subfield><subfield code="d">1912</subfield><subfield code="v">Newspapers.</subfield></datafield><datafield ind1=" " ind2="0" tag="650"><subfield code="a">Presidents</subfield><subfield code="z">United States</subfield><subfield code="x">Election</subfield><subfield code="y">1912</subfield><subfield code="v">Newspapers.</subfield></datafield><datafield ind1="1" ind2="7" tag="600"><subfield code="a">Roosevelt, Theodore,</subfield><subfield code="d">1858-1919.</subfield><subfield code="2">fast</subfield><subfield code="0">(OCoLC)fst00032496</subfield></datafield><datafield ind1=" " ind2="7" tag="650"><subfield code="a">Presidential candidates.</subfield><subfield code="2">fast</subfield><subfield code="0">(OCoLC)fst01075708</subfield></datafield><datafield ind1=" " ind2="7" tag="650"><subfield code="a">Presidents</subfield><subfield code="x">Election.</subfield><subfield code="2">fast</subfield><subfield code="0">(OCoLC)fst01075747</subfield></datafield><datafield ind1=" " ind2="7" tag="651"><subfield code="a">United States.</subfield><subfield code="2">fast</subfield><subfield code="0">(OCoLC)fst01204155</subfield></datafield><datafield ind1=" " ind2="7" tag="648"><subfield code="a">1912</subfield><subfield code="2">fast</subfield></datafield><datafield ind1=" " ind2="7" tag="655"><subfield code="a">Newspapers.</subfield><subfield code="2">fast</subfield><subfield code="0">(OCoLC)fst01423814</subfield></datafield><datafield ind1=" " ind2=" " tag="752"><subfield code="a">United States</subfield><subfield code="b">Illinois</subfield><subfield code="c">Peoria</subfield><subfield code="d">Peoria.</subfield></datafield><datafield ind1="0" ind2="8" tag="776"><subfield code="i">Print version:</subfield><subfield code="t">Peoria daily progressive</subfield><subfield code="w">(OCoLC)25345631</subfield></datafield></record>